<record><leader>00000cas a22000007a 4500</leader><controlfield tag="001">22608392</controlfield><controlfield tag="008">901030d19uu1955couwr ne      0    0eng d</controlfield><datafield ind1=" " ind2=" " tag="010"><subfield code="a">sn 90051883 </subfield></datafield><datafield ind1=" " ind2=" " tag="040"><subfield code="a">CNQ</subfield><subfield code="b">eng</subfield><subfield code="c">CNQ</subfield><subfield code="d">OCLCQ</subfield></datafield><datafield ind1=" " ind2=" " tag="042"><subfield code="a">msc</subfield></datafield><datafield ind1="0" ind2="0" tag="245"><subfield code="a">Rangely driller.</subfield></datafield><datafield ind1=" " ind2=" " tag="260"><subfield code="a">Rangely, Colo. :</subfield><subfield code="b">Cliff Neumann</subfield></datafield><datafield ind1=" " ind2=" " tag="300"><subfield code="a">v.</subfield></datafield><datafield ind1=" " ind2=" " tag="310"><subfield code="a">Weekly</subfield></datafield><datafield ind1="0" ind2=" " tag="362"><subfield code="a">-v. 6, no. 37 (Dec. 29, 1955).</subfield></datafield><datafield ind1=" " ind2=" " tag="588"><subfield code="a">Description based on: Vol. 5, no. 40 (Jan. 7, 1955).</subfield></datafield><datafield ind1=" " ind2=" " tag="752"><subfield code="a">United States</subfield><subfield code="b">Colorado</subfield><subfield code="c">Rio Blanco</subfield><subfield code="d">Rangely.</subfield></datafield><datafield ind1="0" ind2="0" tag="785"><subfield code="t">Rangely times</subfield><subfield code="w">(DLC)sn 90051080</subfield></datafield><datafield ind1="1" ind2=" " tag="029"><subfield code="a">AU@</subfield><subfield code="b">000025854126</subfield></datafield></record>